<record><leader>01189cam a2200337 i 4500</leader><controlfield tag="001">6628641</controlfield><controlfield tag="003">CaONFJC</controlfield><controlfield tag="005">20140626094109.0</controlfield><controlfield tag="008">020813t20152015maua     b    001 0 eng d</controlfield><datafield ind1=" " ind2=" " tag="020"><subfield code="a">9781292019574 (paperback)</subfield></datafield><datafield ind1=" " ind2=" " tag="035"><subfield code="a">ocn883376732</subfield></datafield><datafield ind1=" " ind2=" " tag="040"><subfield code="a">CaONFJC</subfield><subfield code="b">eng</subfield><subfield code="c">CaONFJC</subfield><subfield code="e">rda</subfield><subfield code="d">CaONFJC</subfield><subfield code="d">AEU</subfield></datafield><datafield ind1=" " ind2="4" tag="050"><subfield code="a">T58.6</subfield><subfield code="b">.L3753 2015</subfield></datafield><datafield ind1=" " ind2=" " tag="090"><subfield code="a">T 58.6 L3753 2015</subfield><subfield code="b">AEU</subfield></datafield><datafield ind1="1" ind2=" " tag="100"><subfield code="a">Laudon, Kenneth C.,</subfield><subfield code="d">1944-,</subfield><subfield code="e">author.</subfield></datafield><datafield ind1="1" ind2="0" tag="245"><subfield code="a">Essentials of management information systems /</subfield><subfield code="c">Kenneth C. Laudon, Jane P. Laudon.</subfield></datafield><datafield ind1="1" ind2="4" tag="246"><subfield code="a">Essentials of MIS</subfield></datafield><datafield ind1=" " ind2=" " tag="250"><subfield code="a">Eleventh edition.</subfield></datafield><datafield ind1=" " ind2=" " tag="260"><subfield code="a">Global edition.</subfield></datafield><datafield ind1=" " ind2="1" tag="264"><subfield code="a">Boston :</subfield><subfield code="b">Pearson,</subfield><subfield code="c">[2015].</subfield></datafield><datafield ind1=" " ind2="4" tag="264"><subfield code="c">&#169;2015</subfield></datafield><datafield ind1=" " ind2=" " tag="300"><subfield code="a">501 pages :</subfield><subfield code="b">illustrations ;</subfield><subfield code="c">28 cm</subfield></datafield><datafield ind1=" " ind2=" " tag="336"><subfield code="a">text</subfield><subfield code="b">txt</subfield><subfield code="2">rdacontent</subfield></datafield><datafield ind1=" " ind2=" " tag="337"><subfield code="a">unmediated</subfield><subfield code="b">n</subfield><subfield code="2">rdamedia</subfield></datafield><datafield ind1=" " ind2=" " tag="338"><subfield code="a">volume</subfield><subfield code="b">nc</subfield><subfield code="2">rdacarrier</subfield></datafield><datafield ind1=" " ind2=" " tag="504"><subfield code="a">Includes bibliographical references and indexes.</subfield></datafield><datafield ind1=" " ind2=" " tag="596"><subfield code="a">43</subfield></datafield><datafield ind1=" " ind2="0" tag="650"><subfield code="a">Management information systems.</subfield></datafield><datafield ind1="1" ind2=" " tag="700"><subfield code="a">Laudon, Jane Price</subfield><subfield code="c">(Ph. D.),</subfield><subfield code="e">author.</subfield></datafield><datafield ind1=" " ind2=" " tag="949"><subfield code="a">T 58.6 L3753 2015</subfield><subfield code="c">1</subfield><subfield code="h">UAHS-B</subfield><subfield code="i">0162035119062</subfield></datafield><datafield ind1=" " ind2=" " tag="926"><subfield code="a">T 58.6 L3753 2015</subfield><subfield code="w">LC</subfield><subfield code="c">1</subfield><subfield code="i">0162035119062</subfield><subfield code="l">ON_SHELF</subfield><subfield code="m">UAHSS</subfield><subfield code="p">$150.00</subfield><subfield code="r">Y</subfield><subfield code="s">Y</subfield><subfield code="t">BOOK</subfield><subfield code="u">7/9/2014</subfield></datafield></record>